@misc{osm,
author = {Steve Coast},
title = {{OpenStreetMap}},
howpublished = "\url{https://www.openstreetmap.org/}",
year = {2004},
note = "[En ligne, accès le 13/02/2019]"
}

@misc{geofabrik,
author = {Jochen Topf et Frederik Ramm},
title = {{GeoFabrik}},
howpublished = "\url{http://download.geofabrik.de/}",
year = {2007},
note = "[En ligne, accès le 25/03/2019]"
}

@misc{bbbike,
author = {Wolfram Schneider},
title = {{bbbike}},
howpublished = "\url{https://download.bbbike.org/osm/}",
year = {2011},
note = "[En ligne, accès le 26/03/2019]"
}

@misc{qwantmaps,
author = {Jean-Manuel Rozan, Éric Leandri et Patrick Constant},
title = {{Qwant Maps}},
howpublished = "\url{https://www.qwant.com/maps}",
year = {2018},
note = "[En ligne, accès le 13/02/2019]"
}

@misc{osm_projectslist,
author = {Auteur inconnu},
title = {{Services basés sur OSM}},
howpublished = "\url{https://wiki.openstreetmap.org/wiki/List_of_OSM-based_services}",
year = {2006},
note = "[En ligne, accès le 20/02/2019]"
}

@misc{GIS_geography,
author = {Auteur inconnu},
title = {{Vector Data type}},
howpublished = "\url{https://gisgeography.com/spatial-data-types-vector-raster/}",
year = {2016},
note = "[En ligne, accès le 18/02/2019]"
}

@misc{mapsforge,
author = {Auteur inconnu},
title = {{MapsForge}},
howpublished = "\url{https://github.com/mapsforge/mapsforge}",
year = {2013},
note = "[En ligne, accès le 15/03/2019]"
}

@misc{vtm,
author = {Auteur inconnu},
title = {{VTM}},
howpublished = "\url{https://github.com/mapsforge/vtm}",
year = {2013},
note = "[En ligne, accès le 04/04/2019]"
}

@misc{mapshaper,
author = {Matthew Bloch},
title = {{MapShaper}},
howpublished = "\url{https://mapshaper.org/}, \url{https://github.com/mbloch/mapshaper}",
year = {2013},
note = "[En ligne, accès le 08/04/2019]"
}

@misc{leaflet,
author = {Vladimir Agafonkin},
title = {{LeafLet}},
howpublished = "\url{https://leafletjs.com/}",
year = {2017},
note = "[En ligne, accès le 15/04/2019]"
}

@misc{MapBox,
author = {Auteur inconnu},
title = {{MapBox}},
howpublished = "\url{https://docs.mapbox.com/}",
year = {2019},
note = "[En ligne, accès le 13/03/2019]"
}

@misc{osmtogeojson,
author = {Martin Raifer},
title = {{osmtogeojson}},
howpublished = "\url{https://github.com/tyrasd/osmtogeojson}",
year = {2013},
note = "[En ligne, accès le 11/03/2019]"
}

@misc{topojson-server,
author = {Mike Bostock (principal contributeur)},
title = {{topojson-server}},
howpublished = "\url{https://github.com/topojson/topojson-server}",
year = {2016},
note = "[En ligne, accès le 11/03/2019]"
}

@misc{osm-and-geojson,
author = {Aaron Lidman},
title = {{osm-and-geojson}},
howpublished = "\url{https://github.com/aaronlidman/osm-and-geojson}",
year = {2014},
note = "[En ligne, accès le 11/03/2019]"
}